<?xml version="1.0" encoding="UTF-8"?><collection><record><leader>02481ntm a2200349 a 4500</leader><controlfield tag="001">002590525</controlfield><controlfield tag="003">MiAaHDL</controlfield><controlfield tag="005">20190719000000.0</controlfield><controlfield tag="006">m        d        </controlfield><controlfield tag="007">cr bn ---auaua</controlfield><controlfield tag="008">930119s16uu    xx            00||  ara d</controlfield><datafield tag="035" ind1=" " ind2=" "><subfield code="a">(MiU)002590525</subfield></datafield><datafield tag="035" ind1=" " ind2=" "><subfield code="a">sdr-miu002590525</subfield></datafield><datafield tag="035" ind1=" " ind2=" "><subfield code="a">(RLIN)MIUH92-A71</subfield></datafield><datafield tag="040" ind1=" " ind2=" "><subfield code="a">MiU</subfield><subfield code="c">MiU</subfield><subfield code="e">appm</subfield><subfield code="d">MiU</subfield></datafield><datafield tag="100" ind1="1" ind2=" "><subfield code="6">880-01</subfield><subfield code="a">Sibṭ al-Māridīnī, Badr al-Dīn Muḥammad ibn Muḥammad,</subfield><subfield code="d">1423-</subfield></datafield><datafield tag="245" ind1="1" ind2="0"><subfield code="6">880-02</subfield><subfield code="a">Risālah mukhtaṣirah jāmiʻah li-aḥkām al-rubʻ al-shamālī al-maqṭūʻ :</subfield><subfield code="k">manuscript,</subfield><subfield code="f">[17th century?].</subfield></datafield><datafield tag="300" ind1=" " ind2=" "><subfield code="a">1</subfield><subfield code="f">v. ([21] p. on 6 lvs.) ;</subfield><subfield code="c">21 cm.</subfield></datafield><datafield tag="500" ind1=" " ind2=" "><subfield code="a">Watermark: Three crescents. See Edward Heawood, Watermarks, Mainly of the 17th and 18th Centuries (Hilversum, 1950), p. 24.</subfield></datafield><datafield tag="500" ind1=" " ind2=" "><subfield code="a">Text not rubricated.</subfield></datafield><datafield tag="520" ind1=" " ind2=" "><subfield code="a">"Apparently a compilation of extracts relating to the quadrant called shamālī al-maqṭūʻ, taken from the works of Sibṭ al-Māridīnī. It is in a muḳaddima and 20 bābs, and is not the same as Kifāyat al-ḳunūʻ fī 'l-ʻamal bi 'l-rubʻ al-maḳṭūʻ, in a muḳaddima and 15 bābs, also in this collection [Mich. Isl. Mss. 749,1 and 750,1]." Cataloging by Elinor M. Husselman, 1945.</subfield></datafield><datafield tag="538" ind1=" " ind2=" "><subfield code="a">Mode of access: Internet.</subfield></datafield><datafield tag="541" ind1=" " ind2=" "><subfield code="d">07/--/36</subfield><subfield code="3">Manuscript</subfield><subfield code="a">McGregor Fund</subfield><subfield code="c">Purchase, 1933/34</subfield></datafield><datafield tag="545" ind1=" " ind2=" "><subfield code="a">Egyptian astronomer and author of numerous works on astronomy and mathematics; muwaqqit (timekeeper) at the al-Azhar mosque in Cairo; disciple of Shihāb al-Dīn Abū al-ʻAbbās Aḥmad ibn Rajab al-Qāhirī Ibn al-Majdī (1365-1447); grandson of Jamāl al-Dīn ʻAbd Allāh ibn Khalīl al-Qāhirī al-Māridīnī (d. 1406).</subfield></datafield><datafield tag="561" ind1=" " ind2=" "><subfield code="a">Purchased in Cairo, 1933/34. Owner's mark: inside cover, manuscript notes in handwriting of Max Meyerhof.</subfield></datafield><datafield tag="650" ind1=" " ind2="0"><subfield code="a">Astronomy, Arab</subfield><subfield code="y">Early works to 1800.</subfield></datafield><datafield tag="650" ind1=" " ind2="0"><subfield code="a">Astronomical instruments</subfield><subfield code="y">Early works to 1800.</subfield></datafield><datafield tag="650" ind1=" " ind2="0"><subfield code="a">Quadrants (Astronomical instruments)</subfield><subfield code="v">Early works to 1800.</subfield></datafield><datafield tag="650" ind1=" " ind2="0"><subfield code="a">Manuscripts, Arabic</subfield><subfield code="z">Michigan</subfield><subfield code="z">Ann Arbor.</subfield></datafield><datafield tag="700" ind1="1" ind2=" "><subfield code="a">Meyerhof, Max,</subfield><subfield code="d">1874-1945,</subfield><subfield code="e">former owner.</subfield></datafield><datafield tag="773" ind1="0" ind2=" "><subfield code="a">Tracy W. McGregor Collection of Arabic, Persian, and Turkish Mathematical and Astronomical Manuscripts.</subfield><subfield code="7">unbc</subfield><subfield code="w">(CStRLIN)MIUH92-A20.</subfield></datafield><datafield tag="880" ind1="1" ind2="0"><subfield code="6">245-02/</subfield><subfield code="a">رسالة مختصرة جامعة لأحكام الربع الشمالي المقطوع :</subfield><subfield code="k">manuscript،</subfield><subfield code="f">[القرن 17م؟].</subfield></datafield><datafield tag="880" ind1="0" ind2=" "><subfield code="6">100-01/</subfield><subfield code="a">بدر الدين محمد بن محمد سبط المارديني.</subfield></datafield><datafield tag="CID" ind1=" " ind2=" "><subfield code="a">002590525</subfield></datafield><datafield tag="DAT" ind1="0" ind2=" "><subfield code="a">20190719102632.0</subfield><subfield code="b">20190719000000.0</subfield></datafield><datafield tag="DAT" ind1="1" ind2=" "><subfield code="a">20190719090653.0</subfield><subfield code="b">2019-07-19T16:10:39Z</subfield></datafield><datafield tag="DAT" ind1="2" ind2=" "><subfield code="a">2015-10-10T18:00:06Z</subfield></datafield><datafield tag="CAT" ind1=" " ind2=" "><subfield code="a">SDR-MIU</subfield><subfield code="d">EX LIBRIS - ALEPH</subfield><subfield code="l">prepare.pl-004-008</subfield></datafield><datafield tag="FMT" ind1=" " ind2=" "><subfield code="a">BK</subfield></datafield><datafield tag="HOL" ind1=" " ind2=" "><subfield code="0">sdr-miu002590525</subfield><subfield code="a">MiU</subfield><subfield code="b">SDR</subfield><subfield code="c">MIU</subfield><subfield code="p">mdp.39015081447107</subfield><subfield code="s">MIU</subfield><subfield code="1">002590525</subfield></datafield><datafield tag="974" ind1=" " ind2=" "><subfield code="b">MIU</subfield><subfield code="c">MIU</subfield><subfield code="d">20190719</subfield><subfield code="s">lit-dlps-dc</subfield><subfield code="u">mdp.39015081447107</subfield><subfield code="y">1699</subfield><subfield code="r">pd</subfield><subfield code="q">bib</subfield><subfield code="t">non-US bib date1 &lt; 1896</subfield></datafield></record></collection>